@misc{Mustermann:2023,
   TYPE       = {Example Type}, 
   TITLE      = {Example Domain}, 
   URL        = {http://example.com/}, 
   JOURNAL    = {Example Domain}, 
   AUTHOR     = {Mustermann, Max}, 
   YEAR       = {2023}, 
   MONTH      = {Apr}, 
   LANGUAGE   = {en} 
}

